1768 2842
752 99 851 138 Τροίη

59 177 155 213 Τροΐη.
182 179 232 204 καὶ
247 177 409 217 συναιρέοᾙ
428 178 516 211 Τροίη
532 178 580 203 καὶ
598 177 695 210 Τροία.
724 174 739 210 ἢ
756 175 788 202 ἐκ

54 216 106 239 τοῦ
127 213 224 245 Τρωία
246 213 334 246 Τροία
359 221 397 242 ως
418 210 452 237 τὸ
472 209 621 245 Ἀχελώιος
648 210 788 244 Ἀχελοῖος

55 246 175 280 λέγεται.
195 247 227 273 cf.
239 247 314 273 Eust.
324 249 364 279 65,
375 249 403 279 63
422 248 462 278 65,
474 249 504 273 17
524 246 613 278 Steph.
628 245 690 278 Byz.
705 245 787 271 schol.

54 282 78 306 A
97 281 130 306 ad
152 282 174 305 A
196 283 243 307 129
269 281 388 313 Τροίην·
412 277 505 310 οὕτως
525 278 707 313 Ἀρίσταρχος
730 287 788 311 τρι-

55 312 206 348 συλλάβως
232 315 281 339 καὶ
309 313 414 340 ἐνθάδε
441 314 490 339 καὶ
513 311 544 339 ἐν
565 316 602 346 τῇ
624 315 674 345 τῆς
696 312 787 338 'Odru-

56 348 136 378 σείας
150 349 175 380 (λ
186 351 245 378 510)
259 345 331 380 ,ἤτοι
348 344 388 374 ὅτ’
400 346 474 380 ἀμφὶ
490 346 575 373 πόλιν
591 346 697 380 Τροίην
716 344 788 379 φρά-

59 383 124 413 ζευ“.
160 382 193 408 cf.
210 382 249 408 La
267 383 365 415 Roche,
385 382 536 408 Textkritik
553 390 578 415 p.
593 383 650 407 366.
682 380 726 406 alii
745 388 787 406 ur-

54 416 113 441 bem
136 423 152 441 a
174 424 237 449 rege
259 416 326 442 Troe
349 416 510 449 appellatam
536 422 595 440 esse
621 414 788 440 tradiderunt

54 450 176 482 Apollod.
191 452 215 483 3,
231 452 270 482 12,
285 453 316 476 21.
348 450 437 483 Τροίη
461 450 484 475 Y
495 452 544 476 316
564 449 590 474 Φ
603 450 660 475 375.
683 448 787 481 Τροίης

55 484 77 508 Ζ
95 485 144 510 529
168 484 195 508 N
212 486 261 510 233
279 486 328 510 367
352 484 378 510 Ξ
394 485 443 510 505
468 483 495 508 Π
513 485 560 509 100
584 491 601 508 α
619 484 668 508 327
687 491 700 507 ε
719 484 751 509 39
770 491 788 507 κ

54 518 88 543 40
106 520 155 543 332
174 526 189 542 ν
209 520 256 544 137
275 519 324 544 388
343 518 359 547 ξ
377 519 427 544 229
450 525 466 543 σ
484 520 542 544 260.
581 516 687 549 Τροίης
707 514 787 549 ἱερὸν

55 551 233 584 πτολίεθρον
256 560 273 576 α
292 554 315 578 2.
353 551 443 584 Τροίῃ
469 551 492 576 Ρ
510 553 565 578 155.
602 549 632 576 ἐν
653 550 742 583 Τροίη
763 551 787 575 Β

56 587 103 611 162
124 588 171 611 173
194 585 216 610 Δ
236 587 283 611 175
302 586 327 610 A
346 587 396 612 818
412 585 443 610 X
459 587 508 611 478
532 594 548 610 α
567 587 617 611 355
637 585 653 610 ό
671 588 686 611 6
707 594 720 609 ν
738 586 787 611 315

55 621 131 645 0153
151 621 245 659 ωὶ37.)
259 617 290 643 ἐν
307 619 395 652 Τροίῃ
417 617 572 652 ἐριβώλακι
593 619 619 644 Π
636 621 684 645 461
705 619 732 643 Ω
746 620 786 644 So.

57 652 145 693 Τροίῃ
166 661 197 677 εν
215 653 313 685 ει·ρείῃ
337 653 366 678 Ω
384 655 433 679 256
450 655 501 679 494
524 661 542 677 α
559 655 591 679 62
612 654 627 678 δ
645 655 678 679 99
698 661 711 678 ε
730 655 787 679 307.

55 687 98 711 ενὶ
119 686 207 719 Τροίῃ
233 687 258 711 Β
277 689 326 713 237
352 688 366 712 Ι
381 689 431 713 246
458 687 485 712 Π
501 689 550 713 515
577 688 605 712 Σ
621 689 670 713 330
700 687 722 711 Τ
738 688 788 713 330

54 720 82 745 ,Ω
105 723 154 747 542
181 728 198 745 σ
220 722 277 747 266.
319 718 361 745 ἐνὶ
387 720 475 753 Τροίῃ
503 717 658 754 ἐριβώλακι
687 721 709 745 Ζ
731 722 787 747 315.

55 752 96 779 ἐνὶ
118 753 207 795 Τροίῃ
232 751 330 787 εὐρείῃ
354 755 382 780 Ν
397 757 447 781 433
469 755 497 780 ,Ω
515 757 564 781 774
587 756 602 780 λ
620 756 670 781 499
692 763 711 785 μ
732 756 788 780 189.

57 788 163 821 Τροιην
182 788 206 813 Ε
223 790 271 814 773
292 789 307 813 I
322 790 354 815 46
372 788 400 813 Ω
417 790 465 815 291
486 790 543 815 346.
574 789 602 815 T.
622 786 788 822 ἐριβώλακα

57 822 83 847 Γ
100 824 133 848 74
150 824 207 848 257.
246 822 274 847 Τ.
293 820 436 856 ἐρίβωλον
454 823 483 847 Σ
499 824 531 849 67
558 823 586 848 Ψ
601 825 658 849 215.
698 823 726 847 Τ.
745 820 789 848 εὕ-

55 864 166 889 πινργον
184 856 213 881 H
228 859 269 882 71.
308 857 336 882 Τ.
356 855 531 890 εὐρυάγυιαν
552 857 575 882 Β
595 860 640 883 141
663 857 729 883 [23.
760 857 788 882 T.

56 888 202 930 εὐτείχεον
226 890 247 915 Θ
265 892 322 916 241.
358 890 442 915 πόλιν
467 891 495 916 Τ.
521 888 667 924 εὖτείχεον
690 892 712 915 A
733 892 788 917 129.

54 923 201 962 υψίπυλον
230 923 336 957 Τροίην
364 925 392 949 Π
412 927 462 951 698
490 925 516 950 Φ
538 927 596 952 544.
632 922 662 954 ἐς
683 924 790 958 Τροίην

55 959 77 983 Ζ
94 960 143 984 207
162 958 192 998 It,
205 960 237 984 28
256 959 281 983 Α
300 960 333 984 22
351 959 406 985 Ν7
425 961 474 985 645
495 959 580 985 0706
599 959 625 983 Π
640 961 688 985 169
709 961 790 985 α210

56 1000 70 1016 ν
88 994 146 1018 248.
178 992 224 1017 επὶ
246 991 352 1025 Τροίην
370 993 396 1019 h.
412 993 438 1018 in
452 993 518 1019 Ven.
537 995 578 1019 66.
605 991 661 1018 ὑπὸ
684 992 790 1026 Τροίην

56 1026 72 1051 ὁ
92 1028 140 1051 146
159 1027 174 1057 ξ
191 1027 249 1052 469.
277 1025 351 1058 ἀμφὶ
370 1026 456 1052 πόλιν
477 1026 585 1060 Τρ-οίην
603 1028 618 1051 λ
634 1029 690 1053 510.
718 1025 789 1052 κατὰ

58 1059 165 1098 Τροίην
189 1057 332 1093 ἐρίβωλον
362 1062 377 1085 Ι
396 1063 453 1087 329.
490 1061 522 1086 εὑ
536 1060 692 1094 ναιομένην
706 1059 791 1086 πόλιν

57 1101 161 1132 nomme
175 1101 227 1119 nou
242 1094 346 1129 adiecto
362 1094 387 1119 E
401 1096 458 1121 489.
486 1094 625 1128 Τροίηνδε
637 1095 688 1126 (La
701 1095 791 1120 Roche

55 1135 82 1152 m
105 1127 145 1153 ed.
164 1127 193 1153 11.
217 1131 243 1153 et
261 1128 309 1154 od.
331 1128 438 1161 Τροίην
464 1128 502 1161 δὲ)
530 1129 558 1153 Η
574 1131 624 1155 390
645 1129 675 1154 Χ
693 1131 742 1155 116
764 1128 791 1153 ,Ω

55 1163 105 1188 764
131 1170 149 1194 γ
167 1164 217 1188 268
243 1170 263 1186 π
287 1164 337 1189 289
364 1171 380 1195 ρ
404 1164 453 1189 314
479 1171 495 1188 τ
517 1164 609 1189 8187.
647 1162 792 1196 Τροίηθεν

58 1204 75 1228 y
93 1198 143 1222 257
161 1198 211 1222 276
231 1197 246 1220 ὖ
264 1198 314 1222 468
333 1206 341 1221 ι
361 1198 410 1223 259
429 1197 444 1222 λ
465 1198 520 1223 160.
552 1194 609 1222 ἀπὸ
632 1197 793 1230 Τροίηθε(ν)

56 1229 84 1254 ,Ω
102 1231 151 1255 492
171 1239 180 1254 ι
198 1232 238 1256 33.

92 1264 116 1293 l)
133 1271 197 1296 ager
215 1263 355 1302 Troianus,
373 1271 440 1297 quae
459 1267 499 1290 est
516 1272 548 1290 ea.
566 1272 628 1291 orae
646 1264 793 1290 maritimae

56 1305 130 1330 pars,
154 1305 222 1329 quae
244 1298 305 1323 inde
327 1306 343 1323 a
364 1298 446 1324 Lecto
469 1299 653 1332 promunturio
676 1299 709 1324 ad
731 1299 793 1324 Hel-

59 1333 209 1370 lespontum
232 1333 348 1365 pertinet
370 1336 397 1358 et
420 1334 526 1366 Aesepo
550 1337 577 1358 et
599 1333 677 1359 Caico
705 1332 792 1358 fluviis

60 1368 216 1391 continetur.
254 1367 286 1393 cf.
310 1366 338 1391 Ω
361 1368 410 1392 544
422 1368 504 1393 -546
531 1367 613 1393 schol.
630 1368 655 1392 A
673 1369 700 1392 et
717 1367 739 1392 B
758 1366 792 1392 atl

56 1400 78 1424 Z
97 1402 108 1425 1
133 1399 218 1441 Stfab.
238 1402 284 1440 13,
302 1402 351 1441 561
378 1400 453 1426 Eust.
472 1402 533 1441 754,
557 1403 589 1427 35
619 1399 710 1433 Τροία
733 1398 792 1425 ἐλέ-

55 1441 247 1493 ῧῗὲἱίῑέἝῖέέ
260 1434 792 1502 Ἧῖἕῑέἑωέεἵςῑέ’ᾌὲιίέξ3ἕ·ρὲἕιῑὲῗ·(ᾗῖαέ

59 1504 121 1526 sunt
136 1501 259 1539 Paudari,
270 1501 376 1527 Adresti
389 1505 416 1527 et
425 1502 591 1535 Amphionis,
601 1502 665 1534 Asii,
675 1503 792 1534 Aeneae,

55 1535 178 1560 Hectoris
196 1543 278 1568 regua
296 1536 328 1561 cf.
348 1536 373 1561 B
391 1538 547 1569 Sto—8393
569 1536 698 1562 accedunt
716 1536 793 1561 Lele—

54 1577 115 1607 gum
130 1569 196 1594 fines
210 1569 321 1602 imperio
335 1570 414 1595 Altae
428 1570 539 1596 subiecti
555 1570 698 1603 Φ86-87,
713 1573 739 1595 et
750 1570 791 1595 Ci-

58 1603 147 1636 licum,
160 1603 204 1635 qui
218 1607 346 1636 reguntur
355 1608 381 1629 et
395 1604 428 1629 ab
438 1604 551 1630 Eetione
560 1604 584 1629 Z
591 1606 641 1630 369
651 1612 688 1637 sq.
704 1604 791 1630 X479

61 1639 88 1662 et
102 1644 117 1662 a
131 1637 211 1669 Myne
229 1637 250 1662 Τ
262 1639 312 1664 296
325 1641 352 1663 et
366 1638 399 1663 ab
409 1638 546 1672 Eurypylo
561 1639 576 1663 λ
586 1640 643 1664 518.
662 1638 695 1664 cf.
706 1638 792 1664 Strab.

60 1672 204 1709 13,584sq.
223 1671 367 1705 Buchholz,
385 1672 454 1699 hom.
474 1672 546 1698 Real.
562 1673 596 1698 Ia
610 1674 659 1698 306
670 1680 707 1704 sq.
734 1673 792 1698 Me-

57 1705 126 1743 diam
137 1712 195 1744 'per
208 1705 353 1744 planitiem,
372 1713 440 1738 quae
455 1706 487 1732 de
505 1706 600 1732 montis
614 1706 677 1732 Idae
691 1714 791 1732 summo

56 1738 174 1772 fastigio,
201 1747 243 1765 cui
267 1747 364 1765 nomen
387 1740 533 1773 Gargarum
555 1743 608 1773 est,
634 1740 792 1773 perlustrari

59 1776 146 1811 potest
168 1773 204 1804 (Ξ
220 1775 270 1799 292
293 1773 315 1798 Θ
333 1776 366 1799 47
389 1774 417 1799 Ω
433 1776 598 1806 two—³291),
621 1774 792 1806 Scamander,

60 1814 189 1832 mammos
208 1807 309 1839 fluvius,
328 1807 394 1833 fluit.
422 1809 541 1833 Alterum
560 1808 646 1834 locum
664 1812 738 1834 tenet
751 1815 791 1833 se-

59 1841 173 1879 cundum
183 1841 327 1866 Homerum
337 1841 442 1873 Simois,
456 1843 501 1874 qui
515 1850 548 1867 ex
562 1842 609 1868 Ida
622 1842 791 1875 proficiscens

58 1882 92 1913 111,
104 1875 293 1901 Scamandrum
315 1875 403 1901 influit
423 1876 458 1908 (E
474 1878 544 1909 7741,
566 1877 635 1901 inter
653 1883 721 1908 quae
744 1875 792 1901 flu-

58 1916 128 1934 mina
147 1912 187 1934 est
205 1917 327 1941 campus,
346 1910 372 1934 in
391 1917 442 1942 quo
459 1913 593 1943 pugnatur
605 1910 638 1942 (Z
651 1913 682 1937 2).
713 1910 792 1935 Prae-

57 1945 129 1968 terea
146 1950 193 1968 sex
211 1943 283 1969 fluvii
299 1944 427 1973 minores,
447 1944 493 1976 qui
510 1944 562 1976 ipsi
581 1951 683 1977 quoque
701 1951 791 1969 omnes

58 1976 90 2002 ab
104 1977 150 2002 Ida.
163 1977 291 2009 originem
306 1977 412 2011 ducunt,
428 1977 539 2010 Rhesos,
554 1978 729 2011 Heptaporos,
744 1978 791 2003 Ca—

60 2017 139 2041 resus
157 2011 282 2043 Rhodios,
297 2011 434 2044 Grenicos‚
447 2012 568 2045 Aesepos
587 2019 792 2038 commemoran-

58 2046 102 2083 tur
122 2045 153 2069 M
171 2046 286 2071 19-22.
322 2046 411 2078 Prope
430 2046 584 2071 Scamandri
607 2047 704 2072 ostium
722 2046 792 2071 inter

59 2077 162 2116 Sigeum
182 2082 208 2104 et
225 2079 374 2105 Rhoeteum
396 2080 591 2112 promunturia,
614 2080 640 2105 in
663 2087 708 2106 ora
727 2080 792 2105 Tro-

60 2119 121 2137 iana
136 2113 334 2146 septentrionali
349 2113 382 2139 ad
396 2114 597 2147 Hellespontum
611 2117 699 2139 castra
712 2114 792 2139 Achi-

60 2153 150 2185 vorum
168 2155 221 2185 non
239 2147 316 2180 longe
330 2148 363 2173 ab
378 2147 444 2173 urbe
462 2151 538 2173 erant
557 2148 658 2181 posita3
676 2155 744 2180 qnae
759 2147 792 2173 ab

61 2179 109 2205 11ιο
125 2182 216 2213 viginti
234 2182 320 2207 stadia
336 2181 434 2207 afuisse
453 2182 561 2208 tradidit
579 2182 664 2208 Strab.
681 2184 720 2214 13,
734 2183 791 2208 598.

60 2213 93 2240 cf.
112 2214 140 2239 H
156 2217 299 2241 368—423
323 2215 350 2241 K
369 2218 476 2242 11—13.
511 2217 535 2241 A
554 2216 637 2242 Scaea
654 2219 732 2249 porta
748 2216 792 2248 qui

61 2247 95 2273 ad
118 2248 162 2274 illa
184 2249 252 2282 ibat,
275 2249 389 2282 primurn
411 2258 496 2283 prope
519 2250 612 2276 urbem
630 2249 793 2283 praeteribat

62 2281 156 2323 collem
175 2283 269 2315 altum,
288 2284 330 2316 qui
351 2284 471 2309 Βατιέια
489 2284 522 2310 ab
540 2284 696 2315 hominibus,
715 2286 792 2316 σῆμα

61 2315 191 2349 Μυρινης
204 2324 221 2342 a
234 2317 283 2343 diis
301 2318 485 2351 appellabatur
499 2319 524 2343 B
538 2320 679 2350 811-814,
698 2317 792 2343 deinde

61 2349 192 2389 Aesyetae
205 2351 229 2376 B
245 2353 302 2383 791,
317 2357 372 2377 tum
387 2352 419 2377 lli
438 2353 596 2385 sepulcrum,
615 2352 686 2384 quod
700 2352 727 2377 in
740 2359 793 2376 me-

62 2383 104 2409 <ha
121 2384 229 2416 planitie
246 2385 413 2411 aedificatum
432 2390 490 2412 erat
504 2387 530 2411 Λ
547 2388 687 2413 166-167.
715 2385 793 2411 Prae-

63 2421 137 2443 terea
155 2416 274 2451 ἐρινεός,
292 2420 362 2453 apud
380 2428 457 2452 quem
472 2423 500 2446 et
517 2420 602 2446 facilis
619 2420 686 2445 muri
705 2427 794 2445 ascen-

63 2458 108 2476 sus
131 2452 154 2477 Z
169 2455 218 2479 433
238 2460 275 2485 sq.
298 2457 325 2479 et
348 2455 457 2487 specula
479 2458 506 2480 et
528 2454 614 2480 fontes
639 2453 793 2479 Scamandri

62 2489 137 2510 erant
149 2485 179 2510 X
192 2489 248 2527 145,
265 2490 291 2512 et
306 2487 400 2521 φηγός
418 2488 451 2514 ad
465 2489 575 2514 Scaeam
593 2492 695 2521 portam
710 2488 732 2512 Z
744 2490 793 2514 237

63 2521 90 2543 et
100 2520 237 2552 θρωσμυς
246 2521 360 2546 πεδίοιο
374 2530 457 2556 prope
466 2530 546 2548 naves
557 2523 716 2548 Graecorum
727 2521 794 2547 situs

64 2552 90 2577 K
101 2555 149 2580 160
163 2555 187 2579 Α
202 2556 234 2581 56
252 2560 500 2589 commemorantur-3
519 2557 553 2582 ad
570 2556 633 2582 litus
651 2553 684 2581 τὸ
699 2558 794 2588 τεῖχος

1485 92 1545 122 347

811 175 978 211 Ἡρακλῆος,
994 175 1197 209 Κιιλλικολώνη
1212 175 1286 201 collis
1301 174 1336 200 ad
1350 173 1512 200 Simoentem
1528 173 1549 197 Υ

814 214 843 237 51
863 215 916 244 151,
938 220 1020 245 prope
1039 215 1127 237 castra
1144 210 1260 236 tumulus
1275 209 1435 234 Graecorum
1450 207 1476 232 H
1489 209 1548 237 433,

814 249 981 271 monumenta
999 246 1097 278 Aiacis,
1117 244 1241 275 Achillis,
1264 242 1395 274 Patrocli,
1414 240 1547 266 Antilochi

815 287 832 310 y
852 281 993 305 109—112
1015 283 1098 305 erant.
1134 279 1206 303 Haec
1227 280 1299 309 sunt,
1322 283 1391 309 quae
1414 283 1446 300 ex
1468 274 1546 300 Hom.

814 313 972 338 carminibus
992 313 1024 338 de
1042 313 1151 346 planitie
1170 311 1253 344 qualis
1272 310 1359 342 fuerit,
1377 309 1466 341 colligi
1484 316 1550 340 pos-

815 349 882 371 sunt.
918 347 1009 378 ltaque
1033 348 1055 372 si
1077 346 1242 379 quaerimus,
1268 352 1319 377 quo
1341 343 1460 376 planitiei
1487 343 1546 367 loco

814 379 877 405 urbs
896 380 975 405 Troia.
992 381 1068 406 Hom.
1087 383 1174 405 aetate
1193 381 1330 404 exstructa.
1348 377 1435 409 fucrit,
1454 376 1481 401 id
1500 376 1547 401 im-

814 413 905 446 primis
924 417 965 438 est
982 414 1166 446 reputandum,
1182 413 1326 439 Homerum
1344 411 1483 444 planitiem
1497 417 1549 435 non

814 447 1013 473 accuratissime
1032 448 1211 480 descripsisse,
1230 446 1277 472 sed
1295 445 1385 478 primis
1403 448 1506 470 tantum
1520 444 1549 468 li-

814 482 870 507 neis
889 481 1066 506 adumbrasse.
1102 481 1133 507 cf.
1151 481 1280 512 Hercher‚
1304 479 1346 505 die
1369 479 1438 504 hom.
1457 478 1549 503 Ebene

814 524 836 541 v.
846 515 926 541 Troia
940 515 974 540 id.
986 515 1083 540 Homer
1097 524 1121 541 u.
1134 515 1180 540 das
1194 514 1289 539 lthaka.
1302 513 1348 538 der
1362 511 1551 537 Wirklichkeit

814 550 926 574 Hermes
942 551 1006 575 1866
1020 549 1031 574 I
1047 557 1071 582 p.
1082 551 1131 575 263
1142 557 1179 581 sq.
1193 550 1243 574 269
1253 555 1291 580 sq.
1311 547 1401 579 Steitz,
1420 546 1462 571 die
1476 545 1549 577 Lage

815 583 862 609 (les
880 583 948 609 hom.
967 583 1046 608 Troia
1064 582 1095 608 N.
1110 583 1200 608 Jahrb.
1220 584 1265 608 111
1285 589 1310 614 p.
1325 582 1375 606 253
1393 587 1432 611 sq.
1461 579 1549 612 Sybel‚

814 618 881 643 iiber
907 616 1091 643 Schliemanns
1112 616 1193 641 Troia
1220 615 1349 646 Marburg
1373 615 1438 640 1875
1469 612 1549 638 Glad-

814 655 901 683 stone,
929 651 1028 676 Homer
1055 659 1079 675 u.
1103 650 1159 675 sein
1180 649 1308 674 Zeitalter
1330 648 1416 673 ubers,
1440 655 1462 673 v.
1482 647 1550 672 Beu-

813 686 873 711 dam
899 685 969 711 Jena
992 686 1055 711 1877
1083 692 1107 717 p.
1131 686 1170 710 18.
1210 684 1250 708 De
1277 689 1309 707 ea
1335 689 1364 707 re
1391 682 1418 706 in
1445 684 1550 706 contra-

815 720 866 745 rias
884 720 1028 745 sententias
1044 718 1221 743 discesserunt
1233 717 1281 742 viri
1295 715 1373 741 docti.
1402 715 1546 747 Plerisque,

815 754 859 779 ubi
882 753 959 779 Ilium
981 752 1085 778 Novum
1109 755 1214 784 postea,
1238 751 1287 775 hac
1310 753 1399 775 aetate
1418 748 1549 773 Hissarlik

815 795 897 820 pagus
923 790 977 819 est,
1004 787 1039 812 ibi
1065 785 1148 811 fuisse
1172 785 1274 809 videtur
1296 784 1376 809 Troia
1398 782 1549 814 Homerica,

815 821 886 854 quod
909 825 936 847 et
957 824 1060 846 veteres
1086 826 1175 845 omnes
1202 819 1257 843 sere
1280 818 1459 847 tradiderunt,
1488 816 1551 841 Hel-

815 855 914 880 lanicus
937 862 979 888 ap.
998 854 1084 880 Strab.
1105 855 1136 879 13
1158 861 1183 885 p.
1192 853 1252 885 ,602
1274 854 1335 880 τοῖς
1350 851 1463 876 Ἰλιεῦσι
1487 858 1549 874 ουν-

817 892 923 923 ηγορεῖ
945 886 979 913 τὸ
998 887 1050 921 τὴν
1067 884 1158 919 αὐτὴν
1176 888 1251 911 εἰναι
1273 885 1359 910 πόλιν
1376 883 1428 916 τὴν
1446 886 1497 908 νῦν
1515 885 1550 916 τῇ

815 921 888 949 τότε.
924 922 1022 949 Herod.
1042 922 1054 947 I
1072 924 1088 948 5
1111 921 1136 946 11
1157 923 1188 947 10
1211 919 1261 945 VII
1279 921 1312 945 43
1335 919 1421 944 Strab.
1442 920 1482 950 13,
1500 920 1549 943 593

815 957 882 983 Ρ1111.
904 957 966 982 hist.
988 959 1041 981 nat.
1062 956 1085 981 V
1103 957 1148 987 30,
1167 956 1200 980 20
1222 953 1255 980 al.
1284 952 1317 979 cf.
1335 951 1550 983 Eckenbrecher,

817 992 860 1017 die
870 991 941 1023 Lage
957 990 1003 1016 des
1018 989 1187 1016 hom.Troia²
1199 986 1358 1013 Dusseldort'
1368 988 1432 1012 1875
1442 987 1550 1018 p.32sq.

817 1026 933 1085 iffcfpsss
943 1019 1550 1091 {egessisseet.{1225{,25.02.÷a÷5.222.1>.0

873 1081 878 1086 -
963 1077 969 1082 ·
1013 1074 1016 1081 ⁴
1544 1073 1550 1085 y

817 1093 1028 1126 Ausgrabungen
1046 1095 1096 1117 etc.
1118 1076 1267 1116 luculenter
1289 1087 1486 1114 demonstravit.
1517 1087 1549 1113 cf.

818 1128 986 1153 Semiemann
1004 1127 1020 1152 1.
1035 1126 1052 1151 l.
1067 1128 1094 1151 et
1107 1125 1187 1150 Troia
1205 1123 1258 1149 und
1274 1123 1348 1148 seine
1361 1122 1466 1147 Ruinen
1484 1121 1552 1147 Vor-

817 1165 877 1193 trag
891 1161 1014 1194 gehalten
1028 1168 1060 1185 zu
1074 1158 1198 1185 Rostock.
1226 1157 1345 1189 Ithaque,
1363 1155 1452 1188 Pelop.
1472 1155 1552 1180 Troie

818 1204 843 1229 p.
860 1197 992 1222 134—222
1013 1194 1194 1225 Schliemanu,
1213 1191 1285 1224 Troy
1304 1190 1356 1216 and
1374 1190 1408 1215 its
1428 1189 1550 1221 remains,

818 1229 908 1255 edited
929 1229 963 1262 by
981 1228 1069 1261 Philip
1088 1227 1180 1252 Smith.
1208 1225 1321 1251 London
1337 1226 1409 1250 1875.
1444 1223 1551 1248 Eckeu-

818 1263 930 1289 breche-r
948 1265 964 1288 l.
979 1263 996 1289 1.
1012 1262 1095 1287 Steitz
1105 1262 1121 1287 l.
1133 1261 1149 1287 l.
1164 1269 1190 1293 p.
1200 1260 1334 1285 225—264
1352 1257 1459 1289 Giseke,
1473 1257 1550 1283 Burs.

819 1298 835 1323 J
838 1297 1018 1323 ahresbericht
1026 1297 1131 1325 1874175
1141 1294 1204 1320 fasc.
1211 1293 1235 1318 II
1245 1293 1352 1325 p.90sq.
1362 1291 1491 1323 Buruouf,
1498 1298 1550 1315 rev.

818 1332 865 1357 des
883 1331 952 1357 deux
969 1329 1075 1356 mondes
1091 1331 1155 1355 1874
1173 1328 1225 1354 No.
1236 1330 1248 1354 1
1269 1327 1299 1353 O.
1313 1325 1412 1358 Keller,
1430 1325 1472 1350 die
1486 1325 1552 1350 Ent-

819 1366 939 1398 deckuug
949 1365 1029 1390 Ilions
1038 1363 1168 1395 Freiburg
1177 1362 1225 1393 ilB.
1238 1362 1302 1387 1875
1321 1360 1417 1391 Christ,
1433 1360 1551 1391 Topogr.

818 1399 866 1424 der
892 1400 951 1424 troi.
975 1398 1075 1424 Ebene.
1103 1397 1165 1422 Sitz.
1195 1396 1255 1421 Ber.
1283 1395 1331 1420 der
1357 1394 1423 1419 bair.
1446 1393 1497 1418 Ak.
1525 1392 1549 1417 d.

818 1433 860 1458 W.
879 1432 1024 1465 hist-phil.
1043 1432 1080 1457 Cl.
1101 1432 1165 1457 1874
1188 1430 1213 1455 ΙΙ
1239 1437 1265 1461 p.
1287 1429 1427 1454 185—227
1454 1426 1552 1452 Alden-

817 1467 904 1499 hosen,
922 1467 958 1492 im
977 1473 1062 1491 neuen
1080 1464 1165 1490 Reich
1186 1466 1251 1490 1874
1274 1471 1298 1495 p.
1319 1463 1454 1488 569—580
1473 1461 1552 1485 Glad—

817 1504 892 1527 stone
910 1501 926 1527 l.
951 1500 966 1525 l.
986 1507 1043 1532 cap.
1064 1502 1076 1525 1
1095 1502 1122 1524 et
1140 1501 1163 1524 2.
1194 1497 1248 1522 Alii
1265 1497 1290 1522 in
1309 1494 1490 1521 Bunarbaschi
1508 1494 1552 1527 qui

817 1538 927 1561 vocatur
946 1534 1013 1559 colle
1031 1541 1090 1559 eam
1109 1532 1185 1557 sitam
1199 1531 1282 1556 fuisse
1295 1529 1496 1561 contenderunt,
1511 1536 1553 1553 se-

818 1569 872 1595 cuti
885 1568 1064 1600 Lechevalier,
1076 1573 1177 1598 voyage
1191 1565 1223 1590 de
1241 1565 1267 1590 la
1279 1563 1393 1595 Troade,
1411 1567 1440 1588 ut
1459 1562 1551 1595 Heyne

818 1611 875 1629 exc.
889 1603 923 1628 ad
937 1603 967 1629 Il.
978 1603 1015 1627 VI
1033 1602 1115 1633 Lenz,
1130 1599 1172 1625 die
1187 1599 1279 1625 Ebene
1289 1598 1399 1624 v.Troia
1418 1596 1551 1627 Welcker,

817 1637 853 1663 kl.
873 1637 946 1662 Schr.
966 1636 991 1662 11
1009 1644 1033 1669 p.
1050 1638 1112 1667 lsq.
1131 1634 1230 1664 Letum,
1246 1632 1352 1665 journal
1371 1631 1401 1656 of
1416 1638 1432 1656 a
1450 1633 1509 1656 tour
1525 1631 1551 1654 in

816 1671 881 1697 Asia
894 1671 978 1696 minor
996 1678 1022 1703 p.
1037 1672 1085 1696 277
1096 1676 1134 1700 sq.
1158 1667 1296 1699 Forbiger,
1314 1668 1345 1691 A.
1357 1665 1452 1697 Geogr.
1463 1665 1487 1689 ll
1504 1666 1552 1690 149

818 1705 1033 1735 Forchbammer,
1052 1702 1250 1733 Beschreibung
1269 1700 1315 1725 der
1332 1699 1425 1725 Ebene
1438 1707 1461 1725 v.
1472 1698 1552 1723 Troia

816 1739 851 1764 id.
870 1739 962 1765 Jahrb.
983 1740 1048 1764 1876
1066 1737 1116 1762 vol.
1138 1737 1184 1762 113
1206 1744 1230 1768 p.
1246 1736 1296 1761 320
1306 1741 1344 1766 sq.
1367 1733 1459 1765 Hahn,
1481 1734 1551 1757 Aus—

817 1773 970 1805 rgrabungen
989 1772 1036 1798 auf
1052 1771 1112 1796 dem
1126 1770 1194 1796 hom.
1208 1769 1352 1801 Pergamos
1371 1767 1474 1799 Gelzer,
1493 1766 1551 1791 eine

817 1807 990 1839 Wanderung
1004 1805 1072 1831 nach
1088 1804 1168 1830 Troia
1191 1803 1279 1834 Stat-k,
1298 1801 1365 1827 nach
1380 1801 1439 1826 dem
1453 1800 1550 1833 griech.

818 1841 918 1871 Orient,
932 1840 965 1866 id.
976 1840 1105 1866 iuJenaer
1112 1837 1351 1868 Literaturzeitung
1359 1837 1423 1861 1877
1434 1843 1458 1867 p.
1467 1836 1550 1860 665-

817 1877 866 1901 673
876 1875 920 1900 ubi
930 1875 1013 1900 libros
1028 1881 1126 1906 eorum,
1137 1873 1181 1905 qui
1197 1871 1347 1903 nuperrime
1362 1869 1394 1895 de
1403 1869 1453 1894 hac
1462 1875 1491 1893 re
1501 1868 1551 1892 dis-

818 1912 965 1940 seruerunt,
980 1908 1119 1936 recensuit,
1134 1906 1179 1932 alii
1194 1906 1219 1931 in
1234 1906 1291 1930 loco
1306 1904 1375 1937 pagi,
1389 1903 1431 1928 cui
1445 1902 1550 1928 Strabo-

817 1944 858 1969 nis
873 1946 962 1969 aetate
974 1940 1079 1967 Ἰλιέων
1093 1939 1185 1973 κώμη,
1196 1943 1285 1965 nostra
1296 1936 1491 1963 Aktoche-Kioi
1505 1943 1551 1961 no-

816 1985 877 2003 men
895 1980 942 2002 est.
974 1976 1058 2002 Sti-ab.
1075 1978 1114 2008 13,
1132 1976 1181 2001 588
1199 1973 1314 2005 Ulrichs‚
1332 1972 1380 1997 Rh.
1400 1971 1469 1996 Mus.
1486 1971 1551 1995 1844

816 2020 842 2044 p.
857 2012 991 2038 573—608
1008 2010 1121 2042 Hasper,
1135 2009 1226 2041 Progr.
1241 2016 1264 2032 v.
1278 2005 1470 2036 Brandenburg
1485 2005 1551 2029 1867

818 2048 844 2071 et
862 2054 884 2070 v,
904 2045 1004 2078 Glogau
1024 2046 1096 2070 1868.
1137 2041 1266 2075 Imprimis
1289 2042 1399 2073 propter
1420 2039 1468 2064 has
1490 2044 1550 2062 cau-

818 2087 862 2105 sas
891 2086 922 2104 ea
943 2079 1087 2110 sententia,
1115 2084 1182 2110 quae
1208 2076 1293 2108 primo
1317 2074 1375 2099 loco
1404 2075 1444 2098 est
1471 2071 1549 2109 dicta,

817 2113 955 2146 probanda
972 2112 1082 2139 videtur.
1118 2111 1235 2137 Primum
1259 2112 1285 2134 et
1307 2106 1434 2134 Mendere'
1456 2105 1550 2130 fluvlus

817 2151 845 2172 et
859 2146 1019 2172 Scamander
1037 2148 1098 2172 sunt
1115 2145 1180 2178 ripis
1199 2142 1318 2175 abruptis
1339 2142 1364 2166 Φ
1382 2142 1415 2166 26
1435 2142 1481 2165 171
1503 2141 1550 2165 175

818 2181 949 2207 Eckenbr.
969 2181 986 2207 1.
1004 2180 1021 2207 l.
1040 2188 1066 2213 p.
1087 2182 1116 2205 17
1135 2182 1161 2204 et
1179 2177 1285 2203 maximi
1303 2174 1433 2213 planitiei,
1458 2174 1483 2199 Ξ
1499 2175 1549 2199 433

819 2215 845 2240 Φ
857 2218 921 2242 1—-2
939 2217 955 2241 S
973 2222 1046 2247 saep.
1068 2212 1201 2239 Eckenbr.
1220 2212 1235 2236 l.
1250 2211 1266 2236 l.
1286 2218 1310 2242 p.
1324 2212 1349 2241 4,
1367 2216 1394 2234 in
1411 2215 1463 2240 qua
1480 2211 1549 2232 teste

818 2249 893 2275 Hom.
920 2250 943 2274 Y
959 2251 1009 2275 216
1031 2248 1094 2274 urbs
1116 2248 1154 2273 ita
1180 2249 1238 2271 erat
1265 2243 1416 2273 aedificata,
1442 2244 1472 2266 ut
1498 2248 1550 2266 uon

818 2283 896 2316 longe
919 2291 935 2308 a
956 2283 1024 2308 mari
1046 2282 1151 2308 abesset
1174 2280 1203 2305 H
1218 2279 1360 2305 368-423
1387 2276 1413 2301 K
1433 2277 1549 2313 111—13.

819 2317 920 2342 Deinde
933 2317 986 2342 loci
1000 2319 1095 2342 natura
1103 2314 1233 2340 Achillem
1253 2316 1279 2338 et
1292 2312 1433 2337 Hectorem
1451 2316 1550 2334 circum

817 2351 910 2376 urbem
928 2351 1074 2377 cucurrisse
1096 2349 1197 2382 patitur
1218 2347 1246 2372 A·
1266 2348 1314 2372 165
1335 2347 1379 2371 171
1406 2343 1474 2370 Eck.
1496 2343 1512 2368 l.
1532 2343 1549 2367 l.

819 2393 845 2418 p.
863 2387 896 2411 23
914 2393 953 2418 sq.
988 2385 1054 2410 Tum
1076 2386 1178 2409 tantum
1201 2380 1271 2413 apud
1289 2378 1421 2405 Hissarlik
1443 2384 1549 2410 pagum,

819 2420 863 2452 qui
881 2419 914 2445 ab
929 2419 975 2444 Ida
992 2422 1081 2444 monte
1099 2415 1259 2448 conspicitur
1278 2414 1299 2438 Θ
1314 2415 1346 2439 47
1365 2412 1392 2437 Ω
1406 2413 1549 2443 290-291,

820 2454 885 2479 satis
907 2460 1018 2485 magnae
1040 2453 1133 2477 ruinae
1155 2452 1216 2476 sunt
1238 2451 1367 2480 repertae.
1407 2446 1549 2472 Praeterea

819 2487 852 2513 cf.
871 2487 1014 2519 Buchholz,
1032 2486 1100 2512 hom.
1119 2483 1230 2510 Realien
1243 2483 1276 2507 Ia
1293 2490 1318 2515 p.
1333 2482 1382 2508 306
1396 2488 1434 2513 sq.

852 2523 878 2552 2)
898 2521 962 2547 urbs
981 2521 1071 2553 Troia,
1093 2526 1162 2552 quae
1185 2518 1243 2550 ipsa
1265 2523 1281 2541 a
1299 2519 1379 2549 poeta
1400 2516 1549 2541 nominatur

822 2552 1003 2590 Ἴλιος,”[λιον
1012 2554 1100 2581 semel.
1111 2551 1180 2579 ἄστυ
1190 2549 1283 2584 (μέγα)
1297 2549 1451 2584 Πριάμοιο,
1462 2547 1549 2584 Πριά-
