1842 2842
248 109 311 141 400

247 200 317 225 saep.
331 192 415 219 Lehrs.
422 191 581 217 Arista1·ch.¹
591 199 615 223 p.
622 192 671 217 458
681 192 731 217 459
741 190 799 216 adn.
806 191 932 216 Welcker
942 191 979 217 1.l.

247 228 328 259 p.222
339 225 519 255 Friedlander,
530 224 779 258 hom.Homonymie
789 225 805 250 J
808 225 905 252 ahrb.f.
913 225 979 252 Phil.

250 261 315 286 1860
326 259 527 292 Supp1.111815,
538 258 665 291 imprimis
679 258 898 291 apudHomerum
913 259 981 286 cele-

247 294 365 325 brantur,
381 293 447 325 quod
461 293 528 318 mira
542 292 654 325 quadam
668 292 805 318 celeritate
820 301 834 317 ι·
840 295 872 319 86
879 301 916 326 sq.
925 296 980 327 η36

249 328 365 353 homines
384 326 532 359 naufragos,
552 327 596 358 qui
615 327 647 352 ad
667 326 783 359 ipsorum
802 329 900 352 terram
918 331 980 354 sunt

247 361 358 393 appulsi,
377 360 481 386 domum
505 360 637 386 deducunt
660 361 674 392 ζ
693 362 743 387 290
766 362 785 386 3
803 363 911 388 28—-33
930 363 979 389 566

246 403 265 419 π
289 397 338 420 227
358 402 394 426 sq.
425 400 437 419 ε
460 396 492 421 35
513 402 550 427 sq.
580 404 595 427 η
618 396 664 421 193
683 402 720 427 sq.
748 397 798 421 222
812 403 848 428 sq.
876 397 925 422 315
940 403 977 428 sq.

246 428 371 454 Alcinous
390 428 458 453 enim
477 432 503 454 et
517 436 576 454 cum
599 428 819 462 Rhadamanthyn
838 437 978 462 proseque-

247 466 349 493 rentur,
372 462 506 488 Phaeaces
529 470 580 488 uno
604 462 749 495 eodemque
769 463 811 489 die
833 463 977 495 Euboeam,

248 496 361 521 omnium
380 499 512 522 terrarum
531 496 742 528 diversissimam,
761 500 787 522 et
801 498 937 531 navigasse
952 501 979 523 et

245 529 304 555 inde
327 530 465 556 revertisse
483 530 630 564 praedicat,
650 534 676 556 et
695 530 813 564 Ulixem,
836 532 884 557 etsi
908 531 979 557 illius

247 563 333 596 patria
348 564 426 590 etiam
444 564 610 597 longinquior
625 568 701 597 esset,
720 573 773 591 una
783 568 859 591 nocte
874 573 904 591 eo
918 565 978 591 navi

245 605 273 623 se
291 598 430 623 missurum
449 606 508 624 esse
526 599 666 632 pollicetur
685 608 700 632 η
720 601 862 626 317-326.
890 599 979 625 Scien-

245 632 282 657 tia
305 632 384 665 igitur
407 636 432 658 et
455 641 503 658 usu
526 640 614 659 rerum
636 633 779 666 navalium,
802 633 829 659 id
853 633 923 665 quod
946 633 978 658 iis

245 665 385 698 Neptunus
399 666 471 692 dedit
487 677 502 699 η
514 669 554 697 34,
572 670 707 700 praestant
720 667 840 693 omnibus
854 667 889 692 ib.
901 670 932 693 33
940 675 978 699 sq.

245 700 259 730 ζ
279 701 422 727 263-271
451 711 467 733 η
486 702 519 727 43
544 702 593 728 108
611 709 648 734 sq.
675 702 696 726 9
714 704 745 728 34
760 709 797 734 sq.
821 703 853 728 50
868 709 905 734 sq.
929 703 979 727 247

245 736 295 760 252
306 741 353 766 sq.⁷
372 739 533 767 quapropter
547 738 574 761 et
591 735 758 768 appellantur
773 733 979 768 δολιχήρετμοι

248 768 329 793 ναυσὶ
349 768 451 793 κλυτοί
469 772 495 795 et
514 769 565 795 duo
582 774 675 802 portus
694 777 776 803 prope
794 769 887 795 urbem
909 769 980 794 aedi-

245 801 315 827 ficati
340 803 355 834 ζ
374 804 422 829 263
446 806 473 829 et
495 803 580 829 forum
602 811 684 836 prope
708 804 812 829 navium
840 803 979 829 stationem

248 839 412 862 exstructum
435 837 456 862 θ
478 839 500 864 5.
537 837 625 863 Naves
647 845 709 864 vero
732 845 821 863 eorum
844 845 903 862 cum
926 845 980 863 non

247 869 323 895 modo
339 871 472 903 accipitre,
483 879 534 904 quo
544 871 617 897 nulla
630 872 685 897 avis
700 875 740 897 est
750 871 865 897 velocior
879 880 894 896 ν
904 873 980 904 Squ.

249 903 295 929 sed
313 911 347 930 ne
365 905 528 937 cogitatione
546 905 650 938 quidem
668 906 802 931 celeritate
820 908 980 938 superentur

248 947 263 970 η
283 940 323 970 36,
342 941 397 964 tum
415 939 489 972 ipsae
507 943 595 965 mente
613 947 643 965 ac
661 939 765 965 ratione
783 942 843 965 sunt
862 943 980 972 ornatae,

246 975 276 997 ut
299 972 400 998 etiamsi
423 973 643 1006 gubernatoribus
671 977 790 1005 careant,
817 976 903 998 terras
931 973 978 999 ho-

246 1006 494 1039 minumque‘urbes
514 1015 603 1033 omnes
621 1008 737 1040 cognitas
755 1007 872 1033 habeant
890 1010 917 1033 et
930 1015 978 1040 per

247 1047 275 1065 se
298 1048 349 1072 quo
371 1041 415 1073 qui
438 1041 561 1074 navigant
579 1042 730 1074 voluerunt,
758 1041 868 1067 tendant
890 1042 911 1066 θ
929 1043 979 1068 556

246 1076 337 1101 -563,
373 1075 430 1101 Nec
449 1076 534 1101 minus
551 1076 658 1109 mirum,
677 1075 747 1108 quod
765 1079 791 1102 et
809 1075 859 1108 ipsi
877 1075 979 1101 Phaes-

247 1115 289 1133 ces
311 1111 389 1134 noctu
411 1109 580 1142 tenebrisque
599 1110 714 1142 cooperti
733 1117 836 1142 semper
854 1110 980 1143 navigant

246 1143 266 1166 θ
284 1144 334 1169 562
352 1151 367 1167 ν
385 1145 417 1169 33
431 1151 468 1175 sq.
488 1145 520 1170 93
534 1151 572 1176 sq.
596 1147 623 1169 et
640 1144 773 1177 peregrini
791 1143 911 1169 homines
935 1143 979 1176 qui

245 1177 404 1209 avehuntur,
428 1185 487 1202 cum
510 1177 622 1210 primum
644 1186 737 1203 navem
760 1177 979 1210 conscenderunt,

246 1217 336 1236 somno
360 1212 547 1243 opprimuntur
569 1219 618 1237 nec
640 1212 799 1244 liberantur,
826 1212 978 1245 priusquam

245 1244 344 1277 egressi
362 1248 424 1270 sunt
443 1255 459 1278 η
478 1247 528 1271 318
546 1246 567 1271 θ
584 1247 634 1272 445
655 1255 668 1271 2'
687 1248 719 1272 72
734 1253 773 1278 sq.
808 1245 911 1271 Deinde
926 1254 979 1271 non

244 1278 379 1310 linguntur
397 1279 530 1310 homines,
553 1280 644 1312 utqui
668 1282 694 1305 et
716 1280 816 1313 origine
839 1283 866 1306 et
883 1283 980 1306 natura

243 1320 326 1345 prope
350 1312 478 1338 accedunt
499 1313 533 1339 ad
555 1313 633 1343 deos,
655 1314 750 1347 quibus
772 1316 833 1340 sunt
850 1314 979 1340 carissimi

244 1348 257 1377 ζ
276 1348 325 1373 203
344 1356 359 1379 η
382 1349 414 1373 34
433 1348 454 1372 θ
471 1349 520 1374 565
535 1355 573 1380 sq.
594 1356 607 1373 ε
626 1350 658 1374 35
679 1356 694 1373 τ
713 1350 763 1375 279
783 1345 915 1381 ἀγχίθεοι
935 1356 979 1381 γε·

246 1379 332 1419 >spiam
352 1390 368 1413 η
388 1382 437 1407 205
457 1381 556 1414 σφισὶν
573 1384 618 1413 (sc.
638 1383 729 1413 θεοῖς)
748 1379 871 1416 ἐγγύθεν
891 1382 979 1415 εἰμέν,

246 1423 343 1447 ωσπερ
363 1413 522 1446 Κϋκλωπὲς
545 1424 576 1442 τε
597 1416 646 1441 καὶ
671 1412 757 1450 ἄγρια
781 1417 857 1448 φῦλα
876 1415 979 1450 Γιγάν-

243 1457 307 1474 των,
339 1448 397 1474 Rex
415 1453 504 1475 autem
522 1449 686 1476 Nausithous
704 1451 774 1476 filius
788 1450 906 1484 Neptuni
920 1454 979 1476 erat

244 1486 270 1508 et
285 1482 438 1515 Periboeae,
455 1483 499 1516 qui
513 1483 710 1516 Eurymedonte
724 1484 830 1517 gigante
844 1488 907 1510 nata
922 1489 979 1511 erat

245 1526 259 1549 η
280 1518 312 1543 56
332 1524 371 1549 sq.
411 1517 470 1550 Ipse
496 1517 635 1557 Neptunus
662 1526 695 1544 ex
722 1526 769 1544 suo
797 1526 893 1552 genere
920 1518 979 1545 illos

243 1555 384 1583 prognatos
404 1559 461 1577 esse
480 1554 620 1584 profitetur
638 1561 653 1577 ν
673 1554 730 1584 130,
749 1552 795 1578 sed
813 1560 881 1585 quae
896 1553 978 1580 schol.

243 1584 278 1610 ad
300 1585 388 1618 Apoll.
407 1585 491 1611 Rhod.
511 1586 547 1612 IV
565 1587 615 1612 992
642 1586 723 1612 schol.
743 1586 776 1612 ad
800 1595 813 1612 ε
832 1589 863 1613 34
887 1586 978 1620 Steph.

243 1619 305 1652 Byz.
324 1626 344 1657 s.
364 1627 402 1645 vv.
423 1618 532 1652 Σχεριή
552 1617 684 1653 Δρεπάνη
710 1624 834 1653 narrant,
861 1620 920 1646 illos
946 1628 979 1646 ex

244 1660 371 1685 sanguine
391 1653 473 1679 Urani
492 1654 533 1679 vel
552 1654 676 1680 Titanum
694 1654 761 1681 falce
780 1654 978 1680 vulneratorum

243 1691 317 1712 natos
341 1694 410 1720 esse,
433 1687 577 1714 Homerum
600 1687 733 1721 fugerunt.
768 1689 817 1715 Illa
839 1697 867 1715 re
890 1692 979 1714 autem

243 1728 293 1746 usu
315 1721 398 1753 venit,
426 1725 454 1747 ut
477 1721 519 1747 dei
543 1729 628 1755 neque
652 1723 673 1748 si
696 1723 754 1755 quis
776 1723 924 1749 Phaeacum
947 1724 978 1749 iis

245 1755 370 1787 occurrit,
388 1762 415 1780 se
434 1755 566 1782 occultent
580 1760 606 1782 et
619 1756 652 1782 ad
666 1757 769 1783 illorum
785 1765 860 1783 sacra
873 1757 979 1783 venien-

243 1793 283 1814 tes
301 1789 350 1821 ipsi
368 1794 522 1820 praesentes
542 1799 600 1816 cum
614 1791 645 1817 iis
659 1791 799 1825 epulentur
815 1801 831 1825 η
843 1793 978 1818 201-206

243 1823 274 1848 cf.
294 1822 419 1848 Welcker
441 1824 456 1850 l.
476 1824 492 1850 1.
516 1832 548 1863 p.⁸
559 1827 609 1850 222
623 1833 659 1858 sq.
695 1825 803 1852 Accedit
826 1826 896 1858 quod
919 1833 978 1859 pro·

244 1856 286 1882 cul
309 1857 342 1882 ab
366 1857 514 1883 homiuibus
539 1855 653 1891 ἔσχατοι
676 1862 735 1885 tuto
754 1860 874 1886 incolunt
892 1867 977 1893 neque

244 1898 334 1916 eorum
352 1891 543 1918 consuetudine
557 1893 595 1918 uti
614 1897 702 1920 amant
721 1894 735 1926 ζ
750 1896 800 1921 200
810 1902 848 1927 sq.
869 1904 884 1927 η
896 1896 928 1920 32
938 1902 977 1927 sq.

243 1925 295 1950 nisi
313 1925 384 1957 qnod
403 1925 521 1952 homines
539 1927 681 1960 naufragos
696 1928 838 1962 excipiunt,
852 1931 978 1961 exceptos

245 1959 349 1985 domum
367 1963 562 1993 prosequuntur
581 1961 595 1993 ζ
611 1964 746 1989 200-207
766 1972 782 1995 η
800 1964 849 1989 190
858 1970 896 1996 sq.
916 1963 930 1994 ζ
945 1964 978 1990 28

244 1995 310 2031 -33
324 2001 345 2018 π
358 1995 408 2020 227
418 2001 456 2026 sq.
476 2001 545 2028 saep.
577 1996 617 2021 Ac
631 2003 664 2022 ne
677 1999 765 2022 terrae
779 1997 885 2030 quidem
899 2004 978 2029 quam

243 2027 366 2060 incolunt,
385 2031 481 2054 natura
495 2032 541 2055 aut
555 2029 621 2055 situs
640 2030 791 2056 accuratius
806 2030 977 2063 describitnr3

243 2069 330 2094 neque
354 2061 423 2087 enim
445 2062 588 2096 quidquam
610 2068 737 2090 narratur
760 2065 810 2090 nisi
833 2065 977 2098 Scheriam,

243 2095 347 2121 Alcinoi
373 2096 509 2122 hortorum
536 2097 682 2131 domusque
709 2100 831 2132 portento
857 2102 977 2125 ornatam

246 2139 261 2162 η
280 2131 313 2156 82
327 2137 365 2162 sq.
386 2132 532 2164 112-—130‚
551 2140 616 2164 quos
634 2140 723 2159 versus
743 2133 847 2166 spurios
865 2140 921 2159 esse
939 2133 977 2159 in-

243 2171 324 2197 super
355 2163 503 2191 docuerunt
534 2165 707 2192 Friedlander
732 2167 759 2192 in
787 2167 912 2200 Philolog.
939 2167 977 2194 VI

244 2206 268 2230 p.
289 2199 338 2224 669
349 2205 386 2230 sq.
409 2198 505 2232 Lehrs,
525 2200 686 2227 Aristarch.²
707 2209 732 2234 p.
752 2202 814 2234 405,
836 2199 977 2227 πολυκλύ-

243 2239 301 2269 στῳ
313 2229 356 2257 ἐνὶ
370 2230 466 2271 πόντῳ
486 2238 513 2259 et
531 2231 654 2267 ἐσχάτην
667 2235 759 2268 procul
777 2235 809 2261 ab
827 2235 977 2262 hominibus

243 2269 321 2291 sitam
336 2274 400 2299 esse,
412 2274 485 2293 cuius
496 2272 597 2294 montes
608 2268 700 2295 Ulixes
712 2269 919 2296 duodevicesimo
934 2270 977 2297 die

243 2304 382 2332 postquam
401 2308 417 2325 a
435 2301 556 2328 fabulosa
571 2302 725 2337 Calypsonis
744 2303 830 2329 insula
848 2304 977 2330 orientem

244 2341 334 2359 versus
349 2334 482 2367 profectus
497 2340 561 2368 erat,
577 2337 745 2370 conspexisse
760 2337 854 2363 dicitur
865 2340 976 2371 s277sq.

244 2377 259 2400 η
271 2369 320 2393 267
331 2375 368 2406 sq.
397 2368 507 2395 Videtur
526 2370 606 2404 igitur
622 2373 702 2404 poeta
716 2371 864 2397 Phaeacum
879 2372 976 2406 sedem,

244 2409 322 2440 quam
340 2402 454 2429 insulam
473 2411 532 2430 esse
554 2412 606 2430 uon
630 2405 774 2439 contendit,
799 2405 832 2431 ad
855 2413 976 2432 occasum

243 2435 307 2461 solis
330 2439 452 2468 spectare
480 2438 529 2464 sibi
555 2438 671 2465 finxisse.
711 2439 752 2465 Eo
779 2443 868 2465 autem
896 2440 976 2466 demi-

244 2476 333 2502 grasse
351 2477 414 2502 rege
433 2470 582 2499 Nausithoo
601 2473 665 2499 duce
683 2473 716 2499 ab
734 2473 851 2507 Hyperia
871 2474 885 2505 ζ
903 2477 919 2500 4
938 2482 976 2507 sq.

243 2503 314 2542 quod
330 2511 429 2542 nomen
445 2512 502 2532 esse
520 2507 708 2540 appellativum
721 2515 806 2541 neque
821 2511 919 2533 certam
934 2516 976 2534 re·

244 2545 347 2576 gionem
364 2538 511 2576 s1gn1ficare
526 2550 547 2567 v.
558 2539 744 2574 s.v.‘Yneoeloc
762 2544 786 2568 2.
822 2542 909 2574 Atque
928 2542 976 2568 ibi-

245 2571 303 2598 dem
313 2580 408 2599 mirum
417 2580 444 2599 m
457 2574 563 2602 modum
579 2584 668 2603 omnes
682 2576 786 2603 labores
797 2575 869 2603 Ulixi
879 2575 974 2603 finiun-

924 109 1068 150 Φαίηκες

1007 195 1058 225 tur,
1076 191 1104 218 id
1122 192 1193 225 quod
1210 191 1360 218 Mercurius
1377 191 1519 223 Neptunus
1532 192 1684 218 Leucothea
1697 192 1736 218 fu-

1007 229 1095 252 turum
1114 226 1301 259 praenuntiant
1320 234 1333 251 ε
1347 227 1379 252 34
1398 227 1448 252 288
1462 233 1498 258 sq.
1517 228 1580 259 3453
1598 233 1658 252 nam
1676 226 1736 252 inde

1008 260 1141 286 dormiens
1168 260 1317 285 Phaeacum
1346 260 1406 284 navi
1434 259 1551 285 Ithacam
1576 260 1737 293 perducitur,

1007 302 1058 326 quo
1077 297 1107 320 ut
1124 294 1272 327 perveniret
1290 294 1346 326 ipse
1364 293 1463 319 frustra
1482 294 1559 319 enixe
1573 301 1680 326 operam
1695 294 1738 320 de-

1007 328 1091 354 derat.
1119 328 1151 353 cf.
1171 328 1273 354 Preller
1292 328 1307 354 l.
1323 328 1339 354 l.
1359 328 1370 353 Ι
1389 329 1438 353 517
1456 327 1515 353 adn.
1535 329 1558 353 2.
1587 328 1737 354 Phaeacum

1007 362 1086 395 igitur
1109 366 1192 393 terra,
1217 365 1245 387 ut
1268 361 1319 395 ipsi
1341 362 1410 387 inter
1432 361 1496 386 deos
1515 364 1541 387 et
1559 361 1677 387 homines
1700 362 1738 387 in-

1006 396 1157 428 tercedunt,
1180 396 1218 422 ita
1239 396 1309 422 inter
1326 395 1384 421 loca
1408 395 1528 421 omnibus
1545 398 1609 421 nota
1626 399 1653 421 et
1670 396 1738 421 inter

1006 430 1127 463 regiones
1145 430 1291 461 incognitas
1310 433 1337 455 et
1355 429 1443 455 animo
1462 428 1536 455 fictas
1558 429 1608 455 sita
1625 428 1736 456 videtur.

1006 464 1089 496 Quam
1107 468 1136 490 ut
1153 471 1258 497 prorsus
1277 472 1309 490 ex
1319 464 1455 489 hominum
1469 467 1614 496 conspectu
1632 470 1664 489 ac
1678 463 1738 489 luce

1006 502 1093 524 terrae
1107 501 1248 530 removeat,
1268 498 1345 524 Ulixe
1363 498 1390 523 in
1404 497 1518 530 patriam
1533 497 1646 523 deducto
1659 500 1739 529 poeta

1005 531 1157 564 Neptunum
1176 532 1251 565 fingit
1264 540 1280 558 a
1294 533 1355 557 Iove
1374 532 1566 564 impetrantem,
1586 539 1618 557 ne
1633 531 1670 556 illi
1684 539 1738 557 am-

1006 566 1075 598 plius
1093 566 1234 599 naufragos
1249 569 1443 599 prosequantur
1458 574 1472 590 ν
1484 568 1538 592 151.
1565 565 1664 591 Deinde
1678 565 1738 591 navi

1006 599 1051 625 illa
1068 600 1095 625 iu
1112 600 1229 633 lapidem
1247 604 1348 626 mutata
1366 599 1494 625 Alcinous
1512 599 1635 632 precibus
1653 607 1684 625 ac
1697 607 1737 625 sa-

1006 633 1110 660 crificiis
1132 634 1210 660 deum
1232 635 1327 660 iratum
1351 634 1458 667 placare
1480 633 1580 666 studet,
1603 641 1636 658 ne
1654 633 1738 666 ipsius

1007 667 1064 693 urbi
1083 671 1199 694 montem
1217 668 1361 694 circumdet
1381 677 1395 692 ν
1416 669 1564 700 159-187,
1583 667 1651 700 quod
1669 667 1738 693 futu-

1006 709 1064 727 rum
1083 709 1140 728 esse
1153 702 1316 728 Nausithoos
1335 702 1521 734 praecinuerat
1539 703 1560 727 θ
1573 703 1622 728 567
1633 710 1670 732 sq.
1697 701 1739 727 Ita

1007 735 1074 761 mira
1092 744 1151 761 cum
1169 740 1227 762 arte
1245 744 1303 762 cum
1322 736 1454 762 Phaeacia
1476 735 1555 761 tellus
1577 739 1633 761 tum
1652 735 1738 762 Ulixis

1007 777 1126 795 errorum
1144 770 1216 796 locus
1235 770 1346 803 caligine
1365 770 1468 796 occulta
1482 770 1566 795 latent
1579 769 1611 795 cf.
1623 769 1738 802 Nstzsch,

1007 811 1054 829 zur
1076 802 1123 829 od.
1142 804 1192 829 vol.
1211 805 1236 830 11
1263 813 1288 838 p.
1307 807 1346 831 74.
1383 804 1518 830 Nonnulla
1539 811 1612 832 vero,
1640 808 1670 829 ut
1694 811 1738 829 ex-

1007 844 1128 870 pressam
1154 837 1293 870 imaginem
1316 838 1386 864 vitac
1413 838 1560 864 cotidianae
1582 837 1737 869 videremus,

1007 878 1074 904 quae
1088 879 1120 897 ex
1134 874 1272 904 poetarum
1287 872 1388 898 ratione
1402 872 1435 898 ad
1449 879 1535 898 mores
1549 872 1640 898 Ionum
1654 871 1737 904 ipsius

1007 908 1096 931 aetate
1114 906 1230 938 vigentes
1249 906 1395 932 delineasse
1412 906 1523 939 videtur,
1541 908 1621 939 po'eta
1638 905 1738 931 addidit

1007 940 1037 965 cf.
1054 939 1178 965 Welcker
1196 939 1213 965 1.
1232 940 1248 966 l.
1267 948 1292 972 p.
1307 942 1366 966 251:
1386 940 1521 966 Phaeaces
1539 939 1631 973 epulas
1645 940 1737 973 lyram,

1007 974 1100 999 choros
1121 973 1266 1000 lavationes
1288 973 1401 1007 calidas,
1427 978 1498 1000 toros
1520 974 1675 1001 vestimenta
1697 981 1738 1000 re—

1005 1015 1068 1033 cens
1086 1008 1141 1033 lota
1158 1015 1248 1033 amare
1272 1008 1286 1040 ζ
1305 1009 1337 1034 28
1355 1009 1388 1035 64
1409 1009 1430 1033 θ
1448 1010 1498 1035 244
1511 1016 1548 1041 sq.
1567 1011 1617 1035 252
1635 1010 1684 1035 425
1699 1016 1737 1040 sq.

1005 1049 1083 1067 cursu
1102 1041 1241 1067 saltatione
1260 1045 1339 1068 cantu
1357 1041 1478 1068 omnibus
1496 1046 1630 1075 praestare
1644 1043 1665 1068 θ
1678 1044 1737 1074 252,

1004 1084 1067 1102 arcu
1090 1079 1116 1101 et
1137 1076 1265 1109 pharetra
1287 1083 1340 1101 non
1363 1075 1401 1102 uti
1425 1076 1511 1102 solere
1538 1077 1553 1108 ζ
1576 1079 1626 1103 270
1652 1083 1737 1109 neque

1004 1109 1178 1143 pugillatione
1192 1113 1239 1136 aut
1253 1109 1396 1136 luctatione
1406 1110 1520 1136 studiose
1530 1110 1647 1136 exerceri
1657 1111 1677 1135 θ
1687 1112 1737 1137 246

1005 1151 1055 1170 nec
1072 1152 1125 1170 non
1143 1144 1217 1170 ludos
1235 1144 1370 1178 gymnicos
1389 1144 1529 1177 neglegere
1542 1146 1562 1170 θ
1574 1147 1623 1171 100
1632 1151 1668 1177 sq.
1680 1145 1737 1176 188,

1005 1185 1163 1211 quamquam
1190 1178 1260 1204 disco
1287 1178 1319 1204 ab
1344 1177 1420 1204 Ulixe
1443 1182 1601 1211 superantur
1627 1177 1660 1204 ib.
1683 1179 1737 1204 198.

1004 1215 1093 1245 Atque
1115 1215 1145 1238 ut
1162 1213 1211 1239 viri
1234 1212 1314 1238 rebus
1335 1212 1485 1245 navalibus,
1508 1212 1546 1238 ita
1568 1212 1681 1238 feminae
1699 1215 1738 1237 te-

1004 1246 1085 1272 xendi
1103 1249 1161 1272 arte
1180 1246 1321 1280 plurimum
1335 1246 1429 1279 valent,
1449 1254 1526 1279 quam
1546 1246 1635 1272 docuit
1651 1245 1737 1271 Pallas

1004 1281 1111 1307 Athene
1139 1290 1155 1314 η
1181 1283 1229 1308 109
1247 1288 1284 1313 sq.
1326 1280 1384 1306 Huc
1411 1280 1492 1311 redit,
1520 1280 1590 1313 quod
1618 1279 1738 1313 inprimis

1004 1314 1158 1348 Neptunum
1172 1315 1263 1341 colunt
1280 1317 1306 1340 et
1320 1314 1467 1340 Minervam
1486 1315 1500 1346 ζ
1515 1316 1564 1341 266
1579 1316 1626 1341 291
1642 1316 1689 1340 321
1698 1321 1736 1346 sq.

1006 1357 1023 1374 α
1034 1352 1066 1375 34
1077 1351 1126 1376 110
1136 1358 1151 1374 ν
1162 1351 1222 1382 130,
1237 1352 1316 1381 atque
1330 1349 1397 1374 haec
1411 1349 1444 1374 ab
1458 1349 1489 1375 iis
1498 1349 1657 1375 Marathona
1671 1351 1698 1373 et
1711 1349 1738 1373 in

1005 1383 1111 1410 domum
1128 1383 1272 1409 Erechthei
1296 1382 1398 1409 decedit
1421 1393 1437 1415 η
1457 1384 1498 1409 80.
1534 1383 1605 1415 Quae
1623 1390 1683 1408 cum
1701 1382 1739 1408 ita

1005 1417 1065 1450 sint,
1081 1417 1143 1450 quid
1161 1418 1257 1443 mirum
1271 1416 1341 1450 quod
1355 1420 1457 1443 veteres
1473 1424 1534 1443 vere
1548 1417 1627 1442 fuisse
1637 1416 1738 1442 Phaea-

1006 1453 1055 1477 ces'
1067 1451 1167 1485 opinati
1187 1454 1255 1484 sunt,
1274 1459 1333 1476 curu
1351 1451 1508 1484 praesertim
1526 1451 1654 1477 latissime
1668 1450 1738 1483 apud

1004 1486 1075 1518 ipsos
1102 1488 1204 1519 pateret
1231 1485 1320 1518 opinio
1348 1485 1379 1511 de
1402 1485 1511 1511 Homeri
1537 1485 1676 1511 doctrina?
1705 1484 1737 1511 cf.

1005 1519 1095 1545 Lehrs.
1115 1519 1160 1552 qui
1179 1519 1205 1545 in
1220 1519 1301 1545 Arist.
1321 1519 1404 1545 stud?
1421 1528 1445 1552 p.
1462 1521 1511 1546 244
1525 1527 1562 1552 sq.
1581 1518 1738 1552 praeclaris-

1005 1554 1070 1579 sime
1093 1553 1126 1579 de
1150 1561 1181 1579 ea
1199 1561 1227 1579 re
1245 1553 1376 1579 disseruit.
1415 1553 1458 1579 Illi
1476 1553 1556 1587 igitur
1574 1560 1664 1579 omnes
1682 1552 1737 1578 fere

1005 1587 1139 1614 Phaeaces
1157 1588 1184 1613 in
1202 1587 1288 1613 insula
1299 1588 1512 1620 Corcyraeorum,
1531 1587 1576 1620 qui
1593 1587 1738 1619 antiquitus

1005 1629 1032 1647 re
1055 1622 1142 1647 navali
1165 1621 1307 1653 florebant,
1331 1621 1467 1647 habitasse
1490 1621 1683 1647 contenderunt
1705 1620 1737 1647 cf.

1004 1656 1090 1682 Thuk.
1110 1656 1121 1681 Ι
1145 1657 1177 1682 25
1204 1655 1326 1689 Apollod.
1346 1656 1357 1681 Ι
1380 1658 1404 1687 9,
1427 1657 1460 1682 25
1487 1655 1572 1688 Apoll.
1595 1654 1680 1681 Rhod.
1701 1655 1737 1680 IV

1006 1692 1071 1717 1209
1085 1697 1124 1722 sq.
1142 1690 1226 1716 schol.
1244 1689 1277 1715 ad
1296 1689 1332 1715 IV
1354 1691 1417 1716 1212
1436 1689 1507 1716 Suid.
1525 1689 1602 1716 Eust.
1619 1691 1691 1720 1521,
1705 1690 1738 1715 35

1004 1724 1085 1750 solsol.
1105 1724 1128 1750 E
1146 1723 1181 1750 ad
1200 1724 1214 1755 ζ
1232 1726 1247 1750 3
1267 1723 1337 1749 PVE
1356 1723 1390 1749 ad
1409 1731 1422 1749 ε
1437 1725 1469 1749 34
1487 1731 1558 1756 saep.
1586 1722 1737 1748 Hellanicus

1004 1766 1044 1790 ap.
1065 1758 1155 1791 Steph.
1175 1758 1237 1791 Byz.
1257 1765 1276 1784 S.
1285 1766 1317 1788 ‚v.
1338 1757 1434 1787 Φαίαξ
1453 1754 1467 1783 ὁ
1489 1757 1675 1786 Ποσειδῶνος
1689 1756 1738 1782 καὶ

1005 1791 1157 1825 Κερκύρας
1171 1812 1176 1817 .
1193 1812 1199 1817 .
1215 1790 1264 1823 ἀφ’
1280 1791 1312 1824 ἦς
1327 1789 1342 1824 ἡ
1359 1793 1446 1824 νῆσος
1466 1789 1601 1824 Κερκ1’ρα
1620 1788 1738 1823 ἐκλήθη.

1004 1826 1123 1852 nonnulli
1142 1826 1290 1852 Phaeacum
1314 1825 1403 1852 sedem
1423 1823 1453 1851 ἐν
1475 1828 1510 1859 τῇ
1530 1821 1585 1856 ἔξω
1604 1822 1738 1857 θαλάσσῃ

1004 1864 1151 1893 posuerunt
1169 1864 1198 1886 ut
1213 1860 1313 1892 Crates,
1328 1859 1370 1886 cui
1388 1867 1511 1886 assensus
1529 1864 1569 1885 est
1583 1859 1678 1886 Strabo
1689 1859 1739 1885 Vll

1005 1896 1054 1921 299
1077 1895 1089 1920 I
1111 1896 1144 1921 44
1172 1894 1204 1920 cf.
1224 1894 1301 1920 Gelli.
1325 1894 1357 1921 N.
1377 1895 1408 1920 A.
1428 1893 1489 1919 XIV
1508 1895 1535 1926 6,
1559 1895 1583 1920 3.
1622 1893 1738 1919 Maxime

1004 1936 1065 1955 vero
1085 1929 1180 1954 mirum
1203 1927 1274 1961 quod
1297 1928 1376 1954 etiam
1395 1928 1557 1954 recentiores
1575 1928 1602 1953 in
1625 1935 1658 1953 ea
1679 1934 1738 1960 per-

1004 1966 1157 1989 manserunt
1175 1962 1306 1989 sententia
1320 1965 1349 1988 ut
1359 1962 1427 1988 Voss
1441 1962 1522 1995 myth.
1537 1961 1625 1987 Briefe
1639 1961 1689 1988 vol.
1700 1961 1737 1987 111

1004 2006 1028 2030 p.
1049 1999 1081 2024 73
1109 1997 1221 2029 Uckert‚
1250 1996 1345 2030 Geogr.
1369 1996 1392 2021 d.
1412 1996 1457 2022 Gr.
1481 2004 1505 2022 u.
1525 1996 1599 2022 Rom.
1624 1996 1635 2021 I
1662 2003 1686 2029 p.
1707 1997 1738 2022 18

1003 2031 1209 2057 Eckenbrecher
1227 2030 1254 2056 in
1272 2030 1352 2056 Gerh.
1371 2030 1488 2056 archaol.
1507 2029 1574 2057 Zeit.
1589 2031 1654 2056 1845
1673 2029 1738 2055 fasc.

1004 2068 1036 2092 33
1055 2074 1080 2099 p.
1101 2067 1149 2092 134
1163 2073 1201 2097 sq.
1229 2064 1356 2097 Vfflcker,
1380 2064 1449 2091 hom.
1469 2064 1564 2096 Geogr.
1588 2072 1613 2097 p.
1633 2065 1682 2090 125
1699 2071 1737 2096 sq.

1004 2098 1162 2130 Mustodixi,
1185 2098 1283 2124 Illustr.
1302 2099 1313 2124 I
1337 2106 1363 2131 p.
1382 2100 1415 2125 28
1429 2106 1466 2131 sq.
1490 2098 1522 2124 K.
1541 2098 1573 2124 E.
1591 2105 1641 2123 von
1659 2097 1737 2128 Baer,

1004 2134 1046 2160 die
1064 2134 1132 2160 hom.
1152 2133 1318 2160 Localitaten
1336 2133 1362 2158 in
1381 2132 1405 2159 d.
1423 2132 1470 2159 Od.
1487 2133 1552 2158 1878
1570 2139 1611 2164 ap.
1623 2131 1736 2164 Vieweg.

1004 2176 1028 2201 p.
1051 2169 1081 2194 18
1108 2167 1162 2194 alii.
1198 2168 1234 2193 At
1252 2167 1308 2199 ipse
1326 2166 1508 2199 Aristarchus,
1531 2165 1738 2191 Eratosthenem

1004 2205 1118 2234 secutus,
1137 2205 1163 2227 et
1181 2200 1365 2234 Apollodorus,
1384 2203 1414 2226 ut
1428 2200 1530 2226 Circam
1545 2199 1681 2233 Cyclopes,
1700 2199 1737 2225 ita

1003 2237 1139 2262 Phaeaces
1162 2235 1207 2261 ubi
1229 2235 1340 2267 fuerint,
1363 2234 1413 2273 (lici
1435 2242 1489 2260 non
1506 2240 1584 2266 posse
1606 2233 1638 2259 cf.
1657 2233 1737 2259 schol.

1003 2270 1050 2296 PT
1068 2270 1109 2296 ed.
1124 2269 1201 2295 Dind.
1220 2269 1253 2295 ad
1272 2269 1349 2300 ζ204
1365 2277 1408 2294 οτι
1428 2270 1528 2300 σαφῶς
1547 2265 1674 2293 ἐνταῦθα
1693 2266 1737 2293 ἐκ·

1003 2302 1214 2336 τετυπωμένην
1231 2311 1287 2328 που
1306 2302 1355 2328 καὶ
1370 2300 1494 2335 ἐσχάτην
1508 2299 1560 2333 τὴν
1573 2304 1632 2327 τῶν
1648 2300 1738 2327 Φαιά-

1003 2347 1064 2364 κων
1085 2336 1184 2371 χώραν
1202 2334 1367 2369 ὑφίσταται,
1387 2336 1421 2362 οὐ
1435 2336 1487 2369 τὴν
1497 2335 1649 2369 Κέρκυραν
1658 2335 1737 2362 schol.

1003 2372 1073 2405 EPQ
1093 2372 1126 2398 ad
1146 2372 1160 2403 ζ
1178 2373 1193 2398 8
1213 2371 1234 2403 Q
1258 2370 1291 2396 ad
1309 2379 1324 2396 ν
1344 2373 1391 2397 152
1415 2370 1447 2396 cf.
1466 2371 1549 2396 Lehrs
1568 2370 1585 2395 Ι.
1603 2369 1619 2395 l.
1644 2378 1669 2402 p.
1687 2372 1737 2396 246

1004 2408 1094 2433 -248,
1126 2406 1261 2431 Phaeaces
1279 2408 1367 2430 autem
1386 2412 1402 2430 a
1417 2404 1576 2431 Graecorum
1595 2404 1681 2437 poetis
1699 2403 1738 2429 in-

1003 2441 1079 2474 genio
1098 2447 1157 2466 esse
1175 2439 1277 2465 effictos
1296 2438 1485 2472 antiquissimis
1503 2438 1555 2464 illis
1573 2437 1735 2471 temporibus

1003 2475 1098 2508 quibus
1118 2473 1234 2500 carmina
1248 2473 1324 2505 epica
1338 2472 1468 2506 vigebant,
1484 2475 1543 2506 post
1553 2471 1737 2498 Aristarchum

1002 2509 1103 2542 primus
1125 2507 1213 2534 docuit
1235 2506 1373 2536 Welcker,
1400 2507 1428 2532 in
1449 2507 1533 2532 rhein.
1551 2506 1620 2532 Mus.
1641 2507 1706 2533 1833
1724 2506 1736 2531 Ι

1003 2552 1026 2576 p.
1039 2544 1173 2569 219-283
1195 2542 1281 2567 iterat.
1302 2541 1328 2566 in
1346 2541 1433 2567 kleine
1453 2540 1559 2567 Schrift.
1570 2541 1595 2566 II
1609 2548 1633 2573 p.
1646 2541 1736 2571 1—79‚

1003 2577 1050 2604 sed
1068 2576 1136 2611 quod
1160 2583 1204 2603 eos
1227 2582 1286 2604 esse
1305 2577 1393 2610 putat,
1417 2575 1461 2608 qui
1486 2578 1604 2602 mortuos
1622 2573 1736 2602 avebant
